@book{taylor1963metaphysics,
  title={Metaphysics},
  author={Taylor, Richard and Seago, Edward},
  year={1963},
  publisher={Prentice-Hall Englewood Cliffs}
}

@article{mcguinness2004owl,
  title={OWL web ontology language overview},
  author={McGuinness, Deborah L and Van Harmelen, Frank and others},
  journal={W3C recommendation},
  volume={10},
  number={10},
  pages={2004},
  year={2004}
}

@article{maedche2001ontology,
  title={Ontology learning for the semantic web},
  author={Maedche, Alexander and Staab, Steffen},
  journal={IEEE Intelligent systems},
  volume={16},
  number={2},
  pages={72--79},
  year={2001},
  publisher={IEEE}
}

@article{berners2001semantic,
  title={The semantic web},
  author={Berners-Lee, Tim and Hendler, James and Lassila, Ora and others},
  journal={Scientific american},
  volume={284},
  number={5},
  pages={28--37},
  year={2001},
  publisher={New York, NY, USA:}
}

@article{thanh2014ontology,
  title={Ontology tiếng Việt trong l{\~\i}nh vực gi{\'a}o dục {\dj}ại học},
  author={Th{\`a}nh, Hồ Trung and Ph{\'u}c, {\DJ}ỗ},
  journal={Tạpch{\'\i} Khoa học C{\^o}ng nghệ, Viện H{\`a}n l{\^a}m Khoa học C{\^o}ng nghệ Việt Nam, Tập},
  volume={52},
  pages={89--100},
  year={2014}
}

@article{kiem1997mang,
  title={Mạng t{\'\i}nh to{\'a}n v{\`a} ứng dụng},
  author={Kiếm, Ho{\`a}ng V{\u{a}}n and Nhơn, {\DJ}ỗ V{\u{a}}n},
  journal={Journal of Computer Science and Cybernetics},
  volume={13},
  number={3},
  pages={10--20},
  year={1997}
}

@incollection{antoniou2004web,
  title={Web ontology language: Owl},
  author={Antoniou, Grigoris and Van Harmelen, Frank},
  booktitle={Handbook on ontologies},
  pages={67--92},
  year={2004},
  publisher={Springer}
}